<?xml version="1.0" encoding="UTF-8"?><record xmlns="http://www.loc.gov/MARC21/slim" xmlns:cinclude="http://apache.org/cocoon/include/1.0" xmlns:zs="http://www.loc.gov/zing/srw/">
  <leader>01276nz  a2200217n  4500</leader>
  <controlfield tag="001">no2015116948</controlfield>
  <controlfield tag="003">DLC</controlfield>
  <controlfield tag="005">20150903073512.0</controlfield>
  <controlfield tag="008">150902n| azannaabn          |a ana     c</controlfield>
  <datafield tag="010" ind1=" " ind2=" ">
    <subfield code="a">no2015116948</subfield>
  </datafield>
  <datafield tag="035" ind1=" " ind2=" ">
    <subfield code="a">(OCoLC)oca10258429</subfield>
  </datafield>
  <datafield tag="040" ind1=" " ind2=" ">
    <subfield code="a">UkCU</subfield>
    <subfield code="b">eng</subfield>
    <subfield code="e">rda</subfield>
    <subfield code="c">UkCU</subfield>
  </datafield>
  <datafield tag="046" ind1=" " ind2=" ">
    <subfield code="s">1977-10-30</subfield>
    <subfield code="t">1987~</subfield>
    <subfield code="2">edtf</subfield>
  </datafield>
  <datafield tag="110" ind1="2" ind2=" ">
    <subfield code="a">Frestonia (Collective settlement)</subfield>
  </datafield>
  <datafield tag="368" ind1=" " ind2=" ">
    <subfield code="a">Collective settlements</subfield>
    <subfield code="2">lcsh</subfield>
  </datafield>
  <datafield tag="370" ind1=" " ind2=" ">
    <subfield code="e">London (England)</subfield>
    <subfield code="2">naf</subfield>
  </datafield>
  <datafield tag="372" ind1=" " ind2=" ">
    <subfield code="a">Communal living</subfield>
    <subfield code="2">lcsh</subfield>
  </datafield>
  <datafield tag="377" ind1=" " ind2=" ">
    <subfield code="a">eng</subfield>
  </datafield>
  <datafield tag="410" ind1="2" ind2=" ">
    <subfield code="a">Free Independent Republic of Frestonia (Collective settlement)</subfield>
  </datafield>
  <datafield tag="670" ind1=" " ind2=" ">
    <subfield code="a">Coley, Nathan. To the Bramley family of Frestonia, 2015:</subfield>
    <subfield code="b">title page (Frestonia) pages 82-84 (on October 30, 1977, an area around Freston Road in London applied for full membership of the United Nations as the self-styled Free Independent Republic of Frestonia; the new nation state appointed Ministers of State, issued postage stamps and visas for foreign visitors; lasted for ten years)</subfield>
  </datafield>
  <datafield tag="670" ind1=" " ind2=" ">
    <subfield code="a">Wikipedia, English, September 2, 2015</subfield>
    <subfield code="b">(Frestonia was the name adopted by the residents of Freston Road, a street at the north western boundary of Notting Hill, London, formerly part of Latimer Road, and also known as Notting Dale, when they attempted to secede from the United Kingdom in 1977)</subfield>
  </datafield>
</record>